
@Article{Culberson:pdb-first,
  author = 	 {J. C. Culberson and J. {Schaeffer}},
  title = 	 {Pattern Databases},
  journal =  {Computational Intelligence},
  year = 	 {1998},
  volume = 	 {14},
  number = 	 {4},
  pages = 	 {318-334},
}

@InProceedings{Gaschnik:79, 
  author =        "J. Gaschnig", 
  title =         "A Problem Similarity Approach to Devising Heuristics: First Results", 
  booktitle =     ijcai,  
  year =          "1979", 
  pages =         "434--441", 
}

@article{Hart:68,
  title={A formal basis for the heuristic determination of minimum cost paths},
  author={Hart, Peter E and Nilsson, Nils J and Raphael, Bertram},
  journal={IEEE Transactions on Systems Science and Cybernetics},
  volume={4},
  number={2},
  pages={100--107},
  year={1968},
  publisher={IEEE}
}


@book{Edelkamp:Heuristics,
  title={Heuristic search: theory and applications},
  author={Edelkamp, Stefan and Schroedl, Stefan},
  year={2011},
  publisher={Elsevier}
}


@book{Russell:ModernApproach,
  title={Artificial intelligence: a modern approach},
  author={Russell, Stuart J and Norvig, Peter},
  year={2016},
  publisher={Malaysia; Pearson Education Limited,}
}

@article{Bylander:Complexity,
  title={The computational complexity of propositional STRIPS planning},
  author={Bylander, Tom},
  journal={Artificial Intelligence},
  volume={69},
  number={1-2},
  pages={165--204},
  year={1994},
  publisher={Elsevier}
}


@book{Pearl:heuristics,
title = "Heuristics: Intelligent Search Strategies for Computer Problem Solving",
author = "J. Pearl",
publisher = "Addison-Wesley",
year = 1984}

@article{Preditis:Discovery,
   author    = {A. Preditis},
   title     = {Machine Discovery of Admissible Heuristics},
   journal   = {Machine Learning},
   year      = {1993},
   volume    = {12},
   pages     = {117--142}
}

@inproceedings{seipp2017comparison,
  title={A comparison of cost partitioning algorithms for optimal classical planning},
  author={Seipp, Jendrik and Keller, Thomas and Helmert, Malte},
  booktitle={Twenty-Seventh International Conference on Automated Planning and Scheduling},
  year={2017}
}


@inproceedings{Holte:Hierarchical-R,
  author =  {Robert C. Holte and Jeffery Grajkowski and Brian Tanner},
  title =   {Hierarchical Heuristic Search Revisited},
  booktitle =    {Symposium on Abstraction, Reformulation and Approximation (SARA)},
  pages =    {121-133},
  year =     2005,
}

@unpublished{Holte:Automatic,
  author = 	 {R. C. Holte and I. T. Hern\'adv{\"o}lgyi},
  title = 	 {A Space-Time Tradeoff for Memory-Based Heuristics},
  year = 	 2001
}

@inProceedings{Holte:MultiplePDb,
    author  = {R.C. Holte and J. Newton and A. Felner and R. Meshulam and D. Furcy},
    title   = {Multiple Pattern Databases},
    year    = {2004},
    pages    = {122-131},
    booktitle = icaps
}

@Article{Valtorta:84,
  author = 	 {M. Valtorta},
  title = 	 {A result on the computational complexity of heuristic estimates for the {A*} algorithm},
  journal = 	 {Information Sciences},
  year = 	 {1984},
  volume = 	 {34},
  pages = 	 {48-59},
}

@inproceedings{Helmert:LMcut,
  title={Landmarks, critical paths and abstractions: what's the difference anyway?},
  author={Helmert, Malte and Domshlak, Carmel},
  booktitle={ICAPS},
  pages={162--169},
  year={2009}
}

@inproceedings{Helmert:m&s,
  title={Flexible Abstraction Heuristics for Optimal Sequential Planning.},
  author={Helmert, Malte and Haslum, Patrik and Hoffmann, J{\"o}rg and others},
  booktitle={ICAPS},
  pages={176--183},
  year={2007}
}

@inproceedings{Geffner:admissible,
  title={Admissible heuristics for optimal planning},
  author={Geffner, P Haslum H and Haslum, P},
  booktitle={Proceedings of the 5th Internat. Conf. of AI Planning Systems (AIPS 2000)},
  pages={140--149},
  year={2000}
}

@inproceedings{Coles:additiveCriticalPath,
  title={Additive-Disjunctive Heuristics for Optimal Planning.},
  author={Coles, Andrew and Fox, Maria and Long, Derek and Smith, Amanda},
  booktitle={ICAPS},
  pages={44--51},
  year={2008}
}

@inproceedings{Kissmann:11,
  title={Improving cost-optimal domain-independent symbolic planning},
  author={Kissmann, Peter and Edelkamp, Stefan},
  booktitle={Twenty-Fifth AAAI Conference on Artificial Intelligence},
  year={2011}
}


@inproceedings{Haslum:canonical,
  title={Domain-independent construction of pattern database heuristics for cost-optimal planning},
  author={Haslum, Patrik and Botea, Adi and Helmert, Malte and Bonet, Blai and Koenig, Sven and others},
  booktitle={AAAI},
  volume={7},
  pages={1007--1012},
  year={2007}
}

@inproceedings{Holte:99,
  title={A space-time tradeoff for memory-based heuristics},
  author={Holte, Robert C and Hern{\'a}dv{\"o}lgyi, Istv{\'a}n T},
  booktitle={AAAI/IAAI},
  pages={704--709},
  year={1999},
  organization={Citeseer}
}

@inproceedings{Backstrom:92,
  title={Equivalence and Tractability Results for {SAS+} Planning.},
  author={B{\"a}ckstr{\"o}m, Christer},
  booktitle={KR},
  pages={126--137},
  year={1992}
}

@inproceedings{Pommerening:15,
  title={From non-negative to general operator cost partitioning},
  author={Pommerening, Florian and Helmert, Malte and R{\"o}ger, Gabriele and Seipp, Jendrik},
  booktitle={Twenty-Ninth AAAI Conference on Artificial Intelligence},
  year={2015}
}

@article{Seipp:Scorpion,
  author = {Jendrik Seipp and Malte Helmert},
  journal = {Journal of Artificial Intelligence Research}, 
  volume = 62,
  year = 2018, 
  pages =     {535--577},  
  title     = {Counterexample-Guided Cartesian Abstraction Refinement for Classical Planning},
 }
 
 @book{Bordini:Jason,
  title={Programming multi-agent systems in AgentSpeak using Jason},
  author={Bordini, Rafael H and H{\"u}bner, Jomi Fred and Wooldridge, Michael},
  optvolume={8},
  year={2007},
  publisher={John Wiley \& Sons}
}

@inproceedings{Coles:POPF,
  title={Forward-chaining partial-order planning},
  author={Coles, Amanda Jane and Coles, Andrew I and Fox, Maria and Long, Derek},
  booktitle = {ICAPS},
  year={2010},
  optpublisher={AAAI Press}
}

@article{Sanner:RDDL,
  title={Relational dynamic influence diagram language (RDDL): Language description},
  author={Sanner, Scott},
  journal={Unpublished ms. Australian National University},
  volume={32},
  pages={27},
  year={2010}
}

@article{srivastava2011new,
  title={A new representation and associated algorithms for generalized planning},
  author={Srivastava, Siddharth and Immerman, Neil and Zilberstein, Shlomo},
  journal={Artificial Intelligence},
  volume={175},
  number={2},
  pages={615--647},
  year={2011},
  publisher={Elsevier}
}



@inproceedings{Meneguzzi:NewPlans,
  title={Leveraging new plans in AgentSpeak (PL)},
  author={Meneguzzi, Felipe and Luck, Michael},
  booktitle={International Workshop on Declarative Agent Languages and Technologies},
  pages={111--127},
  year={2008},
  organization={Springer}
}


@inproceedings{Gerard:ROSPlan,
  title={Probabilistic planning for robotics with ROSPlan},
  author={Canal, Gerard and Cashmore, Michael and Krivi{\'c}, Senka and Aleny{\`a}, Guillem and Magazzeni, Daniele and Torras, Carme},
  booktitle={Annual Conference Towards Autonomous Robotic Systems},
  pages={236--250},
  year={2019},
  organization={Springer}
}




@inproceedings{Fox:PlanRepair,
  title={Plan Stability: Replanning versus Plan Repair.},
  author={Fox, Maria and Gerevini, Alfonso and Long, Derek and Serina, Ivan},
  booktitle={ICAPS},
  volume={6},
  pages={212--221},
  year={2006}
}


@article{Nebel:PlanReuse,
  title={Plan reuse versus plan generation: A theoretical and empirical analysis},
  author={Nebel, Bernhard and Koehler, Jana},
  journal={Artificial Intelligence},
  volume={76},
  number={1-2},
  pages={427--454},
  year={1995},
  publisher={Elsevier}
}


@article{Ingrand:DeliberationRoboticsSurvey,
  title={Deliberation for autonomous robots: A survey},
  author={Ingrand, F{\'e}lix and Ghallab, Malik},
  journal={Artificial Intelligence},
  volume={247},
  pages={10--44},
  year={2017},
  publisher={Elsevier}
}


@article{Meneguzzi:PlanningBDI,
  title={Planning in {BDI} agents: a survey of the integration of planning algorithms and agent reasoning},
  author={Meneguzzi, Felipe and De Silva, Lavindra},
  journal={The Knowledge Engineering Review},
  volume={30},
  number={1},
  pages={1--44},
  year={2015},
  publisher={Cambridge University Press}
}


 
 @inproceedings{Rao:PRS,
  title={BDI agents: from theory to practice.},
  author={Rao, Anand S and Georgeff, Michael P},
  booktitle={Proceedings of the First International Conference on Multiagent Systems.},
  pages={312--319},
  year={1995}
}

 @article{ingrand1992architecture,
  title={An architecture for real-time reasoning and system control},
  author={Ingrand, Fran{\c{c}}ois Felix and Georgeff, Michael P and Rao, Anand S},
  journal={IEEE expert},
  volume={7},
  number={6},
  pages={34--44},
  year={1992},
  publisher={IEEE}
}

 @book{Bratman:BDI,
  title={Intention, plans, and practical reason},
  author={Bratman, Michael and others},
  volume={10},
  year={1987},
  publisher={Harvard University Press Cambridge, MA}
}

 
 @article{Nasa:3T,
author = {Kortenkamp, David and Schreckenghost, D. and Bonasso, R.},
year = {1998},
month = {07},
pages = {},
title = {Three NASA Application Domains for Integrated Planning, Scheduling and Execution}
}
 
 @article{PDDLtextbook:20,
  title={An introduction to the planning domain definition language},
  author={Haslum, Patrik and Lipovetzky, Nir and Magazzeni, Daniele and Muise, Christian},
  journal={Synthesis Lectures on Artificial Intelligence and Machine Learning},
  volume={13},
  number={2},
  pages={1--187},
  year={2019},
  publisher={Morgan \& Claypool Publishers}
}

@article{Gat:98,
  title={On three-layer architectures},
  author={Gat, Erann and Bonnasso, R Peter and Murphy, Robin and others},
  journal={Artificial intelligence and mobile robots},
  volume={195},
  pages={210},
  year={1998},
  publisher={AAAI Press Menlo Park, CA}
}

@inproceedings{ambros:88,
  title={Integrating Planning, Execution and Monitoring.},
  author={Ambros-Ingerson, Jose A and Steel, Sam},
  booktitle={AAAI},
  volume={88},
  pages={21--26},
  year={1988}
}




@article{Minsky:Steps,
  title={Steps toward artificial intelligence},
  author={Minsky, Marvin},
  journal={Proceedings of the IRE},
  volume={49},
  number={1},
  pages={8--30},
  year={1961},
  publisher={IEEE}
}

@article{Fikes-Nilsson:STRIPS,
  title={STRIPS: A new approach to the application of theorem proving to problem solving},
  author={Fikes, Richard E and Nilsson, Nils J},
  journal={Artificial intelligence},
  volume={2},
  number={3-4},
  pages={189--208},
  year={1971},
  publisher={Elsevier}
}

@article{Pednault:ADL,
  title={ADL and the state-transition model of action},
  author={Pednault, Edwin PD},
  journal={Journal of logic and computation},
  volume={4},
  number={5},
  pages={467--512},
  year={1994},
  publisher={Dov Gabbay}
}

@article{Backstrom:SAS+,
  title={Complexity results for SAS+ planning},
  author={B{\"a}ckstr{\"o}m, Christer and Nebel, Bernhard},
  journal={Computational Intelligence},
  volume={11},
  number={4},
  pages={625--655},
  year={1995},
  publisher={Wiley Online Library}
}



@inproceedings{Karpas:costPartLandmarks,
  title={Cost-Optimal Planning with Landmarks.},
  author={Karpas, Erez and Domshlak, Carmel},
  booktitle={IJCAI},
  pages={1728--1733},
  year={2009}
}

@inproceedings{vanDenBriel:flowHeuristic,
  title={An LP-based heuristic for optimal planning},
  author={Van Den Briel, Menkes and Benton, J and Kambhampati, Subbarao and Vossen, Thomas},
  booktitle={International Conference on Principles and Practice of Constraint Programming},
  pages={651--665},
  year={2007},
  organization={Springer}
}

@inproceedings{Bonet:stateEquation,
  title={An Admissible Heuristic for SAS+ Planning Obtained from the State Equation.},
  author={Bonet, Blai},
  booktitle={IJCAI},
  pages={2268--2274},
  year={2013}
}

@article{Pommerening:abstrationToCostPart,
  title={Higher-dimensional potential heuristics for optimal classical planning},
  author={Pommerening, Florian and Helmert, Malte and Bonet, Blai},
  year={2017},
  publisher={AAAI Press}
}


@article{Hoffman:FF,
  title={The FF planning system: Fast plan generation through heuristic search},
  author={Hoffmann, J{\"o}rg and Nebel, Bernhard},
  journal={Journal of Artificial Intelligence Research},
  volume={14},
  pages={253--302},
  year={2001}
}


@inproceedings{Bonet:99,
  title={Planning as heuristic search: New results},
  author={Bonet, Blai and Geffner, Hector},
  booktitle={European Conference on Planning},
  pages={360--372},
  year={1999},
  organization={Springer}
}


@article{Korf:IDA,
  title={Depth-first iterative-deepening: An optimal admissible tree search},
  author={Korf, Richard E},
  journal={Artificial intelligence},
  volume={27},
  number={1},
  pages={97--109},
  year={1985},
  publisher={Elsevier}
}


@InProceedings{Korf:Rubik, 
 author =        "R. E. Korf", 
 title =         "Finding Optimal Solutions to {Rubik's Cube} Using Pattern Databases", 
 booktitle =     aaai, 
 year =          "1997", 
 pages =         "700--705", 
}

@InBook{Korf:DisjointPDB,
  author =       {R. E. Korf and A. Felner},
  chapter =      {Disjoint Pattern Database Heuristics},
  journal =      {Artificial Intelligence},
  pages =        {13--26},
  year =         {2002},
  title = 	 {Chips Challenging Champions: Games, Computers and Artificial Intelligence},
  publisher = 	 {Elsevier},
}

@InProceedings{Korf:Bin,
  author = 	 {R. E. Korf},
  title = 	 {A new algorithm for optimal bin packing},
  booktitle = 	 aaai,
  pages = 	 {731--736},
  year = 	 {2002},
}

@InProceedings{Korf:ImprovedBin,
  author = 	 {R. E. Korf},
  title = 	 {An improved algorithm for optimal bin packing},
  booktitle = {IJCAI},
  pages = 	 {1252--1258},
  year = 	 {2003},
}

@inproceedings{Haslum:05,
  title={New admissible heuristics for domain-independent planning},
  author={Haslum, Patrik and Bonet, Blai and Geffner, H{\'e}ctor and others},
  booktitle={AAAI},
  volume={5},
  pages={9--13},
  year={2005}
}

@inproceedings{Haslum:07,
author  = {P. Haslum and A. Botea and M. Helmert and B. Bonet and S. Koenig},
title   = {Domain-Independent Construction of Pattern Database Heuristics for Cost-Optimal Planning},
year    = {2007},
booktitle = aaai,
pages    = {1007--1012}
}



@inproceedings{Edelkamp:PlanningPDb,
  title={Planning with pattern databases},
  author={Edelkamp, Stefan},
  booktitle={Sixth European Conference on Planning},
  year={2014}
}


@inproceedings{Edelkamp:SymbolicPlan,
  title={Symbolic Pattern Databases in Heuristic Search Planning.},
  author={Edelkamp, Stefan},
  booktitle={AIPS},
  pages={274--283},
  year={2002}
}

@inproceedings{Katz:2008Optimal,
  title={Optimal Additive Composition of Abstraction-based Admissible Heuristics.},
  author={Katz, Michael and Domshlak, Carmel},
  booktitle={ICAPS},
  pages={174--181},
  year={2008}
}

@article{Yang:08General,
  title={A general theory of additive state space abstractions},
  author={Yang, Fan and Culberson, Joseph and Holte, Robert and Zahavi, Uzi and Felner, Ariel},
  journal={Journal of Artificial Intelligence Research},
  volume={32},
  pages={631--662},
  year={2008}
}


@InProceedings{Edelkamp:SymbolicPatternPlan,
  author =       {S. Edelkamp},
  title =        {Symbolic Pattern Databases in Heuristic Search Planning},
  year =         {2002},
  pages =        {274--293},
  booktitle =    aips,
}

@InProceedings{Edelkamp:GA,
title={Automated creation of pattern database search heuristics},
  author={Edelkamp, Stefan},
  booktitle={International Workshop on Model Checking and Artificial Intelligence},
  pages={35--50},
  year={2006},
  organization={Springer}
}

@InProceedings{Helmert:MultiVariate,
  author =       {Malte Helmert},
  title =        {A Planning Heuristic Based on Causal Graph Analysis},
  booktitle =    icaps,
  year =         {2004},
  pages =         {161--170} 
}

@article{Helmert:FD,
  title={The fast downward planning system},
  author={Helmert, Malte},
  journal={Journal of Artificial Intelligence Research},
  volume={26},
  pages={191--246},
  year={2006}
}

@inproceedings{Karpas:2011,
  title={When Optimal Is Just Not Good Enough: Learning Fast Informative Action Cost Partitionings.},
  author={Karpas, Erez and Katz, Michael and Markovitch, Shaul},
  booktitle={ICAPS},
  year={2011}
}

@article{Pommerening:2017,
  title={Higher-Dimensional Potential Heuristics for Optimal Classical Planning},
  author={Pommerening, Florian and Helmert, Malte and Bonet, Blai},
  year={2017},
  publisher={AAAI Press}
}

@inproceedings{Franco:CPC,
  title={On creating complementary pattern databases},
  author={Franco, Santiago and Torralba, Alvaro and Lelis, Levi HS and Barley, Mike},
  booktitle={Proceedings of the 26th International Joint Conference on Artificial Intelligence},
  pages={4302--4309},
  year={2017},
  organization={AAAI Press}
}

@PhdThesis{Holland:PhD,
  author = 	 {J. Holland},
  title = 	 {Adaption in Natural and Artificial Systems},
  school = 	 {University of Michigan},
  year = 	 {1975},
}

@inproceedings{Levi:SubsetSelection,
  title={Heuristic subset selection in classical planning},
  author={Levi, Lelis HS and Franco, Santiago and Abisrror, Marvin and Barley, Mike and Zilles, Sandra and Holte, Robert},
  booktitle={Proceedings of the Twenty-Fifth International Joint Conference on Artificial Intelligence (IJCAI-16)},
  pages={3185--3195},
  year={2016},
  organization={AAAI Press/IJCAI}
}

@inproceedings{Dosa:FFDtight,
  title={The tight bound of first fit decreasing bin-packing algorithm is FFD (I)<= 11/9OPT (I)+ 6/9},
  author={D{\'o}sa, Gy{\"o}rgy},
  booktitle={International Symposium on Combinatorics, Algorithms, Probabilistic and Experimental Methodologies},
  pages={1--11},
  year={2007},
  organization={Springer}
}

@inproceedings{Fox:pddl+,
  title={PDDL+: Modeling continuous time dependent effects},
  author={Fox, Maria and Long, Derek},
  booktitle={Proceedings of the 3rd International NASA Workshop on Planning and Scheduling for Space},
  volume={4},
  pages={34},
  year={2002}
}

@inproceedings{Yani:KI,
  title={Simplifying automated pattern selection for planning with symbolic pattern databases},
  author={Moraru, Ionut and Edelkamp, Stefan and Franco, Santiago and Martinez, Moises},
  optbooktitle={Joint German/Austrian Conference on Artificial Intelligence (K{\"u}nstliche Intelligenz)},
  booktitle={K{\"u}nstliche Intelligenz},
  pages={249--263},
  year={2019},
  organization={Springer}
}

@article{Moises:PlanningPDBs,
  title={Planning-{PDB}s planner in the {IPC} 2018},
  author={Martinez, M and Moraru, I and Edelkamp, S and Franco, S},
  journal={IPC-9 Planner Abstracts},
  pages={63--66},
  year={2018}
}



@article{Fox:PDDL2,
  title={{PDDL2.1}: An extension to {PDDL} for expressing temporal planning domains},
  author={Fox, Maria and Long, Derek},
  journal={JAIR},
  volume={20},
  pages={61--124},
  year={2003}
}

@InProceedings{McDermott:PDDL98,
  author =        {Drew McDermott},
  title =         {The 1998 AI Planning Systems Competition}, 
  booktitle =     {AI Magazine},
  pages =         {35--55},
  year =          1998
}

@Book{Garey:NP-Complete,
  author = 	 {M. R. Garey and D. S. Johnson},
  title = 	 {Computers and Intractibility, A Guide to the Theory of NP-Completeness},
  publisher = 	 {Freeman \& Company},
  year = 	 {1979},
}

@InProceedings{Derval:ImprovedBPP,
  author = {Guillaume Derval and Jean-Charles Regin and Pierre Schaus},
  title =        "Improved Filtering for the Bin-Packing with Cardinality Constraint", 
  booktitle =    {CP},
  year =         2017
}

@InProceedings{Felner:PerimeterPatternDBs,
  author = {A. Felner and Nir Ofek},
  title =        {Combining Perimeter Search and Pattern Database Abstractions}, 
  booktitle =    {sara},
  pages = {155--168},
  year =         2007
}

@inproceedings{Cashmore:SMTPlan,
  title={A Compilation of the Full {PDDL+} Language into SMT.},
  author={Cashmore, Michael and Fox, Maria and Long, Derek and Magazzeni, Daniele},
  booktitle={AAAI Workshop: Planning for Hybrid Systems},
  year={2016}
}



@inproceedings{VanBeek:CPlan,
  title={CPlan: A constraint programming approach to planning},
  author={Van Beek, Peter and Chen, Xinguang},
  booktitle={AAAI/IAAI},
  pages={585--590},
  year={1999}
}

@article{Vossen:IP,
  title={Applying integer programming to AI planning},
  author={Vossen, Thomas and Ball, Michael and Lotem, Amnon and Nau, Dana},
  journal={The Knowledge Engineering Review},
  volume={15},
  number={1},
  pages={85--100},
  year={2000},
  publisher={Cambridge University Press}
}


@book{Mariot:Constraints,
        author = "K. Mariott and P. Stuckey",
        title = "Programming with Constraints",
        publisher = "MIT Press",
        year = "1998",
}

@InProceedings{Kautz:Satplan,
 author =        "H. Kautz and B. Selman",
 title =         "Pushing the envelope: {P}lanning propositional logic,
and stochastic search",
 booktitle =     ecai,
 year =          1996,
 pages =         "1194--1201",
}

@InProceedings{Derval:ImprovedBPP,
  author = {Guillaume Derval and Jean-Charles Regin and Pierre Schaus},
  title =        {Improved Filtering for the Bin-Packing with Cardinality Constraint}, 
  booktitle =    {CP},
  year =         2017
}

@inproceedings{Nethercote:Minizinc,
  title={MiniZinc: Towards a standard CP modelling language},
  author={Nethercote, Nicholas and Stuckey, Peter J and Becket, Ralph and Brand, Sebastian and Duck, Gregory J and Tack, Guido},
  booktitle={International Conference on Principles and Practice of Constraint Programming},
  pages={529--543},
  year={2007},
  organization={Springer}
}

@inproceedings{ROS,
  title={{ROS}: an open-source Robot Operating System},
  author={Quigley, Morgan and Conley, Ken and Gerkey, Brian and Faust, Josh and Foote, Tully and Leibs, Jeremy and Wheeler, Rob and Ng, Andrew Y},
  booktitle={ICRA Workshop on Open Source Software},
  optvolume={3},
  optnumber={3.2},
  optpages={5},
  year={2009},
  organization={Kobe, Japan}
}


@inproceedings{Cashmore:rosplan,
  title={{ROSPlan}: Planning in the Robot Operating System.},
  author={Cashmore, Michael and Fox, Maria and Long, Derek and Magazzeni, Daniele and Ridder, Bram and Carrera, Arnau and Palomeras, Narcis and Hurtos, Natalia and Carreras, Marc},
  booktitle={ICAPS},
  pages={333--341},
  year={2015}
}


@inproceedings{Humanoid,
  title={Humanoid teensize open platform nimbro-op},
  author={Schwarz, Max and Pastrana, Julio and Allgeuer, Philipp and Schreiber, Michael and Schueller, Sebastian and Missura, Marcell and Behnke, Sven},
  booktitle={Robot Soccer World Cup},
  pages={568--575},
  year={2013},
  organization={Springer}
}


@Misc{gecode,
  author = "{Gecode Team}",
  title = "Gecode: Generic Constraint Development Environment",
  year = {2006},
  note = {Available from \texttt{http://www.gecode.org}},
}

@misc{gurobi,
   author = "Gurobi Optimization, Inc.",
   title = "Gurobi Optimizer Reference Manual",
   year = 2016,
   url = "http://www.gurobi.com"
 }

@article{onyedinma2020toward,
  title={Toward Campus Mail Delivery Using BDI},
  author={Onyedinma, Chidiebere and Gavigan, Patrick and Esfandiari, Babak},
  journal={Journal of Sensor and Actuator Networks},
  volume={9},
  number={4},
  pages={56},
  year={2020},
  publisher={Multidisciplinary Digital Publishing Institute}
}